@article{burridge_questioning_2016,
	title = {Questioning the {Mpemba} effect: hot water does not cool more quickly than cold},
	volume = {6},
	issn = {2045-2322},
	shorttitle = {Questioning the {Mpemba} effect},
	language = {en},
	number = {1},
	urldate = {2021-01-17},
	journal = {Scientific Reports},
	author = {Burridge, Henry C. and Linden, Paul F.},
	month = dec,
	year = {2016},
	pages = {37665},
}

@article{ibekwe_investigating_2016,
	title = {Investigating the {Mpemba} {Effect}: when hot water freezes faster than cold water},
	volume = {51},
	issn = {0031-9120, 1361-6552},
	shorttitle = {Investigating the {Mpemba} {Effect}},
	language = {en},
	number = {2},
	urldate = {2021-01-23},
	journal = {Physics Education},
	author = {Ibekwe, R T and Cullerne, J P},
	month = mar,
	year = {2016},
	pages = {025011},
}

@article{burridge_observing_2020,
	title = {Observing the {Mpemba} effect with minimal bias and the value of the {Mpemba} effect to scientific outreach and engagement},
	volume = {476},
	language = {en},
	number = {2241},
	urldate = {2021-01-23},
	journal = {Proceedings of the Royal Society A: Mathematical, Physical and Engineering Sciences},
	author = {Burridge, Henry C. and Hallstadius, Oscar},
	month = sep,
	year = {2020},
	pages = {20190829},
	file = {Burridge and Hallstadius - 2020 - Observing the Mpemba effect with minimal bias and .pdf:C\:\\Users\\Taner\\Zotero\\storage\\T2PHV9ME\\Burridge and Hallstadius - 2020 - Observing the Mpemba effect with minimal bias and .pdf:application/pdf},
}


@article{jeng_mpemba_2006,
	title = {The {Mpemba} effect: {When} can hot water freeze faster than cold?},
	volume = {74},
	issn = {0002-9505, 1943-2909},
	shorttitle = {The {Mpemba} effect},
	language = {en},
	number = {6},
	urldate = {2021-01-17},
	journal = {American Journal of Physics},
	author = {Jeng, Monwhea},
	month = jun,
	year = {2006},
	pages = {514--522},
}

@article{katz_when_2009,
	title = {When hot water freezes before cold},
	volume = {77},
	language = {en},
	number = {1},
	urldate = {2021-01-17},
	journal = {American Journal of Physics},
	author = {Katz, J. I.},
	month = jan,
	year = {2009},
	pages = {27--29},
}

@article{bregovic_mpemba_2012,
	title = {Mpemba effect from a viewpoint of an experimental physical chemist},
	language = {en},
	author = {Bregović, Nikola},
	year = {2012},
	pages = {9},
}

@article{thomas_mpemba_nodate,
	title = {The {Mpemba} {Effect}: {Studying} the effects of initial temperature, evaporation, and dissolved gasses on the freezing of water.},
	language = {en},
	author = {Thomas, Joseph H},
	month = May,
	year = {2007},
	pages = {5},
}

@article{wojciechowski_freezing_1988,
	title = {Freezing of aqueous solutions containing gases},
	volume = {23},
	language = {en},
	number = {7},
	urldate = {2021-01-17},
	journal = {Crystal Research and Technology},
	author = {Wojciechowski, B. and Owczarek, I. and Bednarz, G.},
	month = jul,
	year = {1988},
	pages = {843--848},
}

@article{pankovic_mpemba_2012,
	title = {Mpemba effect, {Newton} cooling law and heat transfer equation},
	language = {en},
	urldate = {2021-01-18},
	journal = {arXiv:1005.1013 [physics]},
	author = {Panković, Vladan and Kapor, Darko V.},
	month = dec,
	year = {2012},
	note = {arXiv: 1005.1013},
	keywords = {Physics - Classical Physics, Physics - General Physics},
}

@article{mpemba_cool_1969,
	title = {Cool?},
	volume = {4},
	number = {3},
	urldate = {2021-01-18},
	journal = {Physics Education},
	author = {Mpemba, E B and Osborne, D G},
	month = may,
	year = {1969},
	pages = {172--175},
}

@article{steinhart_calibration_1968,
	title = {Calibration curves for thermistors},
	volume = {15},
	language = {en},
	number = {4},
	urldate = {2021-02-27},
	journal = {Deep Sea Research and Oceanographic Abstracts},
	author = {Steinhart, John S. and Hart, Stanley R.},
	month = aug,
	year = {1968},
	pages = {497--503},
	file = {steinhart1968.pdf:C\:\\Users\\Taner\\Desktop\\ExtendedEssay\\Literature\\Apparatus\\steinhart1968.pdf:application/pdf},
}

 @book{p._aristoteles_1962, 
    place={Cambridge - Mass}, 
    title={Aristotle Meteorologica}, 
    publisher={Harvard University}, 
    author={Lee H. D., P.  and Aristotle}, 
    year={1962},
 } 


@online{ntc,
	title = {{NTC} thermistor {\textbar} {Resistor} types {\textbar} {Resistor} {Guide}},
	url = {https://eepower.com/resistor-guide/resistor-types/ntc-thermistor/},
	language = {en},
	urldate = {2021-01-21},
}

@manual{thermistorCalibration,
    title = {Thermistor Calibration $T = F(R)$},
    author = {Gerald Recktenwald},
    year = {2010},
    urldate = {2021-01-21},
    url = {http://web.cecs.pdx.edu/~eas199/B/howto/thermistorCalibration/thermistorResistanceCalibration.pdf},
}

@manual{betaCalculation,
    title = {Thermistor Calculator},
    publisher = {Stanford Research Systems Inc},
    urldate = {2021-01-21},
    year = {2017},
    url = {https://www.thinksrs.com/downloads/programs/therm%20calc/ntccalibrator/ntccalculator.html},
    }

@manual{arduino,
	title = {Arduino {Uno} {Rev3}},
	url = {https://store.arduino.cc/arduino-uno-rev3},
	year = {2019},
	language = {en},
	urldate = {2021-01-23},
}

@artwork{arduinoFig,
    title = {Arduino Uno Microcontroller Board},
    url = {https://commons.wikimedia.org/wiki/File:ArduinoUno.svg},
    year = {2018},
    author = {PhilippHenkel},
    publisher = {Wikipedia Commons},
}

@online{noauthor_analogread_nodate,
	title = {{analogRead}() - {Arduino} {Reference} ({Analog}-{Digital} {Conversion})},
	shorttitle= {Arduino Reference (Analog-Digital Conversion)},
	url = {https://www.arduino.cc/reference/en/language/functions/analog-io/analogread/},
	urldate = {2021-03-06},
	file = {analogRead() - Arduino Reference:C\:\\Users\\Taner\\Zotero\\storage\\NIE2XDYP\\analogread.html:text/html},
}

@online{helmenstine_heres_nodate,
	title = {Here's {How} to {Calculate} {Freezing} {Point} {Depression}},
	url = {https://www.thoughtco.com/freezing-point-depression-example-problem-609493},
	abstract = {This example problem demonstrates how to calculate freezing point depression. Specifically, it shows how much the temperature will be lowered.},
	language = {en},
	urldate = {2021-03-05},
	journal = {ThoughtCo},
	author = {Helmenstine, Todd},
	note = {Section: ThoughtCo},
	file = {Snapshot:C\:\\Users\\Taner\\Zotero\\storage\\ZYPDSRZ9\\freezing-point-depression-example-problem-609493.html:text/html},
}


@online{noauthor_vant_nodate,
	title = {Van’t {Hoff} {Factor}},
	url = {http://www.sussexvt.k12.de.us/science/Colligative%20Properties/Van't%20Hoff%20Factor.htm},
	urldate = {2021-03-08},
	file = {Van’t Hoff Factor:C\:\\Users\\Taner\\Zotero\\storage\\2ZYPWII8\\Van't Hoff Factor.html:text/html},
}

